[gd_scene load_steps=8 format=2]

[ext_resource path="res://resources/Player_spriteframes.tres" type="SpriteFrames" id=1]
[ext_resource path="res://src/PlayerFSM.gd" type="Script" id=2]
[ext_resource path="res://src/StateMachine.gd" type="Script" id=3]
[ext_resource path="res://src/Idle.gd" type="Script" id=4]
[ext_resource path="res://src/Run.gd" type="Script" id=5]
[ext_resource path="res://src/Jump.gd" type="Script" id=6]


[sub_resource type="CapsuleShape2D" id=1]
radius = 27.0
height = 12.5

[node name="Player" type="KinematicBody2D"]
script = ExtResource( 2 )
__meta__ = {
"_edit_group_": true
}

[node name="Sprite" type="AnimatedSprite" parent="."]
frames = ExtResource( 1 )
animation = "idle"
playing = true

[node name="CollisionShape2D" type="CollisionShape2D" parent="."]
position = Vector2( 0, 15.25 )
shape = SubResource( 1 )

[node name="StateMachine" type="Node" parent="."]
script = ExtResource( 3 )
initial_state = NodePath("Idle")

[node name="Idle" type="Node" parent="StateMachine"]
script = ExtResource( 4 )

[node name="Run" type="Node" parent="StateMachine"]
script = ExtResource( 5 )

[node name="Air" type="Node" parent="StateMachine"]
script = ExtResource( 6 )

[node name="Label" type="Label" parent="."]
anchor_left = 0.5
anchor_top = 1.0
anchor_right = 0.5
anchor_bottom = 1.0
margin_left = -18.5
margin_top = -39.0
margin_right = 21.5
margin_bottom = -25.0
text = "State"
align = 1
__meta__ = {
"_edit_use_anchors_": false
}
